% aaai
@inproceedings{aaai/WuG15,
  author    = {Zhaohui Wu and
               C. Lee Giles},
  title     = {Sense-Aaware Semantic Analysis: {A} Multi-Prototype Word Representation
               Model Using Wikipedia},
  booktitle = {Proceedings of the Twenty-Ninth {AAAI} Conference on Artificial Intelligence,
               January 25-30, 2015, Austin, Texas, {USA.}},
  pages     = {2188--2194},
  year      = {2015}
}
@inproceedings{aaai/GongXH18,
  author    = {Xiaolong Gong and
               Hao Xu and
               Linpeng Huang},
  title     = {{HAN:} Hierarchical Association Network for Computing Semantic Relatedness},
  booktitle = {Proceedings of the Thirty-Second {AAAI} Conference on Artificial Intelligence,
               New Orleans, Louisiana, USA, February 2-7, 2018},
  year      = {2018},
  timestamp = {Thu, 03 May 2018 17:03:19 +0200},
}
@inproceedings{aaai/ZhangZH15,
  author    = {Keyang Zhang and
               Kenny Q. Zhu and
               Seung{-}won Hwang},
  title     = {An Association Network for Computing Semantic Relatedness},
  booktitle = {Proceedings of the Twenty-Ninth {AAAI} Conference on Artificial Intelligence,
               January 25-30, 2015, Austin, Texas, {USA.}},
  pages     = {593--600},
  year      = {2015},
  timestamp = {Mon, 08 Jun 2015 07:37:29 +0200},
}
@inproceedings{aaai/StrubeP06,
  author    = {Michael Strube and
               Simone Paolo Ponzetto},
  title     = {WikiRelate! Computing Semantic Relatedness Using Wikipedia},
  booktitle = {Proceedings, The Twenty-First National Conference on Artificial Intelligence
               and the Eighteenth Innovative Applications of Artificial Intelligence
               Conference, July 16-20, 2006, Boston, Massachusetts, {USA}},
  pages     = {1419--1424},
  year      = {2006},
  timestamp = {Sat, 18 Jul 2015 12:34:08 +0200},
}
@inproceedings{aaai/ZeschMG08,
  author    = {Torsten Zesch and
               Christof M{\"{u}}ller and
               Iryna Gurevych},
  title     = {Using Wiktionary for Computing Semantic Relatedness},
  booktitle = {Proceedings of the Twenty-Third {AAAI} Conference on Artificial Intelligence,
               {AAAI} 2008, Chicago, Illinois, USA, July 13-17, 2008},
  pages     = {861--866},
  year      = {2008},
  timestamp = {Mon, 10 Dec 2012 17:36:53 +0100},
}
@inproceedings{aaai/HassanM11,
  author    = {Samer Hassan and
               Rada Mihalcea},
  title     = {Semantic Relatedness Using Salient Semantic Analysis},
  booktitle = {Proceedings of the Twenty-Fifth {AAAI} Conference on Artificial Intelligence,
               {AAAI} 2011, San Francisco, California, USA, August 7-11, 2011},
  year      = {2011},
  timestamp = {Tue, 09 Aug 2011 08:42:17 +0200},
}
@inproceedings{aaai/BordesWCB11,
  author    = {Antoine Bordes and
               Jason Weston and
               Ronan Collobert and
               Yoshua Bengio},
  title     = {Learning Structured Embeddings of Knowledge Bases},
  booktitle = {Proceedings of the Twenty-Fifth {AAAI} Conference on Artificial Intelligence,
               {AAAI} 2011, San Francisco, California, USA, August 7-11, 2011},
  year      = {2011},
}
@inproceedings{aaai/Pirro12,
  author    = {Giuseppe Pirr{\`{o}}},
  title     = {REWOrD: Semantic Relatedness in the Web of Data},
  booktitle = {Proceedings of the Twenty-Sixth {AAAI} Conference on Artificial Intelligence,
               July 22-26, 2012, Toronto, Ontario, Canada.},
  year      = {2012},
  timestamp = {Thu, 31 Jul 2014 11:17:14 +0200},
}
@inproceedings{aaai/NavigliP12,
  author    = {Roberto Navigli and
               Simone Paolo Ponzetto},
  title     = {BabelRelate! {A} Joint Multilingual Approach to Computing Semantic
               Relatedness},
  booktitle = {Proceedings of the Twenty-Sixth {AAAI} Conference on Artificial Intelligence,
               July 22-26, 2012, Toronto, Ontario, Canada.},
  year      = {2012},
  timestamp = {Thu, 31 Jul 2014 11:17:14 +0200},
}
@inproceedings{aaai/QadirMGL15,
  author    = {Ashequl Qadir and
               Pablo N. Mendes and
               Daniel Gruhl and
               Neal Lewis},
  title     = {Semantic Lexicon Induction from Twitter with Pattern Relatedness and
               Flexible Term Length},
  booktitle = {Proceedings of the Twenty-Ninth {AAAI} Conference on Artificial Intelligence,
               January 25-30, 2015, Austin, Texas, {USA.}},
  pages     = {2432--2439},
  year      = {2015},
  timestamp = {Sun, 12 Apr 2015 15:18:08 +0200},
}
@inproceedings{aaai/Milne08, 
  author = {David Milne and Ian H. Witten}, 
  title = {An Effective, Low-Cost Measure of Semantic Relatedness 
  Obtained from Wikipedia Links}, 
  booktitle = {In Proceedings of AAAI Workshop on Wikipedia and Artificial Intelligence: an Evolving Synergy}, 
  pages = {25-30},
  year = {2008} 
}

%ijcai
@inproceedings{ijcai/BanerjeeP03,
  author    = {Satanjeev Banerjee and
               Ted Pedersen},
  title     = {Extended Gloss Overlaps as a Measure of Semantic Relatedness},
  booktitle = {IJCAI-03, Proceedings of the Eighteenth International Joint Conference
               on Artificial Intelligence, Acapulco, Mexico, August 9-15, 2003},
  pages     = {805--810},
  year      = {2003},
  timestamp = {Thu, 25 Aug 2016 11:36:26 +0200},
}
@inproceedings{ijcai/GabrilovichM07,
  author    = {Evgeniy Gabrilovich and
               Shaul Markovitch},
  title     = {Computing Semantic Relatedness Using Wikipedia-based Explicit Semantic
               Analysis},
  booktitle = {{IJCAI} 2007, Proceedings of the 20th International Joint Conference
               on Artificial Intelligence, Hyderabad, India, January 6-12, 2007},
  pages     = {1606--1611},
  year      = {2007},
  timestamp = {Wed, 20 Jul 2016 13:58:40 +0200},
}
@inproceedings{ijcai/ZhangFW13,
  author    = {Wei Zhang and
               Wei Feng and
               Jianyong Wang},
  title     = {Integrating Semantic Relatedness and Words' Intrinsic Features for
               Keyword Extraction},
  booktitle = {{IJCAI} 2013, Proceedings of the 23rd International Joint Conference
               on Artificial Intelligence, Beijing, China, August 3-9, 2013},
  pages     = {2225--2231},
  year      = {2013},
  timestamp = {Thu, 06 Apr 2017 17:48:30 +0200},
}
@inproceedings{ijcai/YazdaniP13,
  author    = {Majid Yazdani and
               Andrei Popescu{-}Belis},
  title     = {Computing Text Semantic Relatedness Using the Contents and Links of
               a Hypertext Encyclopedia: Extended Abstract},
  booktitle = {{IJCAI} 2013, Proceedings of the 23rd International Joint Conference
               on Artificial Intelligence, Beijing, China, August 3-9, 2013},
  pages     = {3185--3189},
  year      = {2013},
  timestamp = {Wed, 20 Jul 2016 15:16:56 +0200},
}
@inproceedings{ijcai/SenJHMOMVWH15,
  author    = {Shilad Sen and
               Isaac L. Johnson and
               Rebecca Harper and
               Huy Mai and
               Samuel Horlbeck Olsen and
               Benjamin Mathers and
               Laura Souza Vonessen and
               Matthew Wright and
               Brent J. Hecht},
  title     = {Towards Domain-Specific Semantic Relatedness: {A} Case Study from
               Geography},
  booktitle = {Proceedings of the Twenty-Fourth International Joint Conference on
               Artificial Intelligence, {IJCAI} 2015, Buenos Aires, Argentina, July
               25-31, 2015},
  pages     = {2362--2370},
  year      = {2015},
  timestamp = {Thu, 01 Jun 2017 18:58:58 +0200},
}

%acl
@inproceedings{acl/YangS07,
  author    = {Xiaofeng Yang and
               Jian Su},
  title     = {Coreference Resolution Using Semantic Relatedness Information from
               Automatically Discovered Patterns},
  booktitle = {{ACL} 2007, Proceedings of the 45th Annual Meeting of the Association
               for Computational Linguistics, June 23-30, 2007, Prague, Czech Republic},
  year      = {2007},
  timestamp = {Wed, 10 May 2017 09:08:21 +0200},
}
@inproceedings{acl/Pucher07,
  author    = {Michael Pucher},
  title     = {WordNet-based Semantic Relatedness Measures in Automatic Speech Recognition
               for Meetings},
  booktitle = {{ACL} 2007, Proceedings of the 45th Annual Meeting of the Association
               for Computational Linguistics, June 23-30, 2007, Prague, Czech Republic},
  year      = {2007},
  timestamp = {Wed, 10 May 2017 09:08:21 +0200},
}
@inproceedings{acl/GurevychMZ07,
  author    = {Iryna Gurevych and
               Christof M{\"{u}}ller and
               Torsten Zesch},
  title     = {What to be? - Electronic Career Guidance Based on Semantic Relatedness},
  booktitle = {{ACL} 2007, Proceedings of the 45th Annual Meeting of the Association
               for Computational Linguistics, June 23-30, 2007, Prague, Czech Republic},
  year      = {2007},
  timestamp = {Wed, 10 May 2017 09:08:21 +0200},
}
@inproceedings{acl/HanZ10,
  author    = {Xianpei Han and
               Jun Zhao},
  title     = {Structural Semantic Relatedness: {A} Knowledge-Based Method to Named
               Entity Disambiguation},
  booktitle = {{ACL} 2010, Proceedings of the 48th Annual Meeting of the Association
               for Computational Linguistics, July 11-16, 2010, Uppsala, Sweden},
  pages     = {50--59},
  year      = {2010},
  timestamp = {Tue, 09 Sep 2014 19:24:36 +0200},
}
@inproceedings{DBLP:conf/acl/BernardiDMB13,
  author    = {Raffaella Bernardi and
               Georgiana Dinu and
               Marco Marelli and
               Marco Baroni},
  title     = {A relatedness benchmark to test the role of determiners in compositional
               distributional semantics},
  booktitle = {Proceedings of the 51st Annual Meeting of the Association for Computational
               Linguistics, {ACL} 2013, 4-9 August 2013, Sofia, Bulgaria, Volume
               2: Short Papers},
  pages     = {53--57},
  year      = {2013},
  timestamp = {Tue, 26 Nov 2013 16:42:48 +0100},
}
@inproceedings{acl/IacobacciPN15,
  author    = {Ignacio Iacobacci and
               Mohammad Taher Pilehvar and
               Roberto Navigli},
  title     = {SensEmbed: Learning Sense Embeddings for Word and Relational Similarity},
  booktitle = {Proceedings of the 53rd Annual Meeting of the Association for Computational
               Linguistics and the 7th International Joint Conference on Natural
               Language Processing of the Asian Federation of Natural Language Processing,
               {ACL} 2015, July 26-31, 2015, Beijing, China, Volume 1: Long Papers},
  pages     = {95--105},
  year      = {2015},
}

%www
@inproceedings{www/SandulescuE15,
  author    = {Vlad Sandulescu and
               Martin Ester},
  title     = {Detecting Singleton Review Spammers Using Semantic Similarity},
  booktitle = {Proceedings of the 24th International Conference on World Wide Web
               Companion, {WWW} 2015, Florence, Italy, May 18-22, 2015 - Companion
               Volume},
  pages     = {971--976},
  year      = {2015},
}
@inproceedings{www/RadinskyAGM11,
  author    = {Kira Radinsky and
               Eugene Agichtein and
               Evgeniy Gabrilovich and
               Shaul Markovitch},
  title     = {A word at a time: computing word relatedness using temporal semantic
               analysis},
  booktitle = {Proceedings of the 20th International Conference on World Wide Web,
               {WWW} 2011, Hyderabad, India, March 28 - April 1, 2011},
  pages     = {337--346},
  year      = {2011},
}

%other
@ARTICLE{its/Rada89, 
author={R. Rada and H. Mili and E. Bicknell and M. Blettner}, 
journal={IEEE Transactions on Systems, Man, and Cybernetics}, 
title={Development and application of a metric on semantic nets}, 
year={1989}, 
volume={19}, 
number={1}, 
pages={17-30}, 
ISSN={0018-9472}, 
month={Jan},}

@article{tkde/ZhuI17,
  author    = {Ganggao Zhu and
               Carlos Angel Iglesias},
  title     = {Computing Semantic Similarity of Concepts in Knowledge Graphs},
  journal   = {{IEEE} Trans. Knowl. Data Eng.},
  volume    = {29},
  number    = {1},
  pages     = {72--85},
  year      = {2017},
}

@article{tkde/LiBM03,
  author    = {Yuhua Li and
               Zuhair Bandar and
               David McLean},
  title     = {An Approach for Measuring Semantic Similarity between Words Using
               Multiple Information Sources},
  journal   = {{IEEE} Trans. Knowl. Data Eng.},
  volume    = {15},
  number    = {4},
  pages     = {871--882},
  year      = {2003},
}
@inproceedings{textgraphs/YehRMAS09,
  author    = {Eric Yeh and
               Daniel Ramage and
               Christopher D. Manning and
               Eneko Agirre and
               Aitor Soroa},
  title     = {WikiWalk: Random walks on Wikipedia for Semantic Relatedness},
  booktitle = {Proceedings of the 2009 Workshop on Graph-based Methods for Natural
               Language Processing, August 7, 2009, Singapore},
  pages     = {41--49},
  year      = {2009},
}
@article{corr/Ledell17,
  author    = {Ledell Wu and
               Adam Fisch and
               Sumit Chopra and
               Keith Adams and
               Antoine Bordes and
               Jason Weston},
  title     = {StarSpace: Embed All The Things!},
  journal   = {CoRR},
  volume    = {abs/1709.03856},
  year      = {2017},
  archivePrefix = {arXiv},
  eprint    = {1709.03856},
  timestamp = {Thu, 05 Oct 2017 09:42:56 +0200},
}
@article{corr/Mikolov13,
  author    = {Tomas Mikolov and
               Kai Chen and
               Greg Corrado and
               Jeffrey Dean},
  title     = {Efficient Estimation of Word Representations in Vector Space},
  journal   = {CoRR},
  volume    = {abs/1301.3781},
  year      = {2013},
}
@article{BudanitskyH06,
  author    = {Alexander Budanitsky and
               Graeme Hirst},
  title     = {Evaluating WordNet-based Measures of Lexical Semantic Relatedness},
  journal   = {Computational Linguistics},
  volume    = {32},
  number    = {1},
  pages     = {13--47},
  year      = {2006},
}

%psy
@article{Tversky77,
  author    = {Amos Tversky and Itamar Gati},
  title     = {Features of similarity.},
  journal   = {Psychological Review},
  volume    = {84},
  pages     = {327-352},
  year      = {1977}
}

%iwcs
@inproceedings{iwcs/LeongM11,
  author    = {Chee Wee Leong and
               Rada Mihalcea},
  title     = {Measuring the semantic relatedness between words and images},
  booktitle = {Proceedings of the Ninth International Conference on Computational
               Semantics, {IWCS} 2011, January 12-14, 2011, Oxford, {UK}},
  year      = {2011},
}

%dataset
%RG65-sim/RC30
@article{RG65/RubensteinG65,
  author    = {Herbert Rubenstein and
               John B. Goodenough},
  title     = {Contextual correlates of synonymy},
  journal   = {Commun. {ACM}},
  volume    = {8},
  number    = {10},
  pages     = {627--633},
  year      = {1965},
}
%rel122-rel
@inproceedings{acl/SzumlanskiGS13,
  author    = {Sean R. Szumlanski and
               Fernando Gomez and
               Valerie K. Sims},
  title     = {A New Set of Norms for Semantic Relatedness Measures},
  booktitle = {Proceedings of the 51st Annual Meeting of the Association for Computational
               Linguistics, {ACL} 2013, 4-9 August 2013, Sofia, Bulgaria, Volume
               2: Short Papers},
  pages     = {890--895},
  year      = {2013},
  timestamp = {Tue, 26 Nov 2013 16:42:48 +0100},
}
%MEN
@article{MEN/BruniTB14,
  author    = {Elia Bruni and
               Nam{-}Khanh Tran and
               Marco Baroni},
  title     = {Multimodal Distributional Semantics},
  journal   = {J. Artif. Intell. Res.},
  volume    = {49},
  pages     = {1--47},
  year      = {2014},
}
%YP130
@INPROCEEDINGS{YP130/Yang06verbsimilarity,
    author = {Dongqiang Yang and David M. W. Powers},
    title = {Verb Similarity on the Taxonomy of Wordnet},
    booktitle = {In the 3rd International WordNet Conference (GWC-06), Jeju Island, Korea},
    year = {2006}
}
%Wordsim-rel
@inproceedings{ws/AgirreAHKPS09,
  author    = {Eneko Agirre and
               Enrique Alfonseca and
               Keith B. Hall and
               Jana Kravalova and
               Marius Pasca and
               Aitor Soroa},
  title     = {A Study on Similarity and Relatedness Using Distributional and WordNet-based
               Approaches},
  booktitle = {Human Language Technologies: Conference of the North American Chapter
               of the Association of Computational Linguistics, Proceedings, May
               31 - June 5, 2009, Boulder, Colorado, {USA}},
  pages     = {19--27},
  year      = {2009},
}

@article{wordsim353/FinkelsteinGMRSWR02,
  author    = {Lev Finkelstein and
               Evgeniy Gabrilovich and
               Yossi Matias and
               Ehud Rivlin and
               Zach Solan and
               Gadi Wolfman and
               Eytan Ruppin},
  title     = {Placing search in context: the concept revisited},
  journal   = {{ACM} Trans. Inf. Syst.},
  volume    = {20},
  number    = {1},
  pages     = {116--131},
  year      = {2002},
}
%mc-30
@article{MC30/Miller02,
  author    = {George A. Miller and
               Walter G. Charles},
  title     = {Contextual correlates of semantic similarity},
  journal   = {Language and Cognitive Processes.},
  volume    = {6},
  number    = {1},
  pages     = {1--28},
  year      = {1991}
}
@inproceedings{emnlp/PenningtonSM14,
  author    = {Jeffrey Pennington and
               Richard Socher and
               Christopher D. Manning},
  title     = {Glove: Global Vectors for Word Representation},
  booktitle = {Proceedings of the 2014 Conference on Empirical Methods in Natural
               Language Processing, {EMNLP} 2014, October 25-29, 2014, Doha, Qatar,
               {A} meeting of SIGDAT, a Special Interest Group of the {ACL}},
  pages     = {1532--1543},
  year      = {2014},
  timestamp = {Sat, 15 Nov 2014 14:45:18 +0100},
}
% network embedding
@inproceedings{kdd/Perozzi14,
 author = {Perozzi, Bryan and Al-Rfou, Rami and Skiena, Steven},
 title = {DeepWalk: Online Learning of Social Representations},
 booktitle = {Proceedings of the 20th ACM SIGKDD International Conference on Knowledge Discovery and Data Mining},
 series = {KDD '14},
 year = {2014},
 location = {New York, New York, USA},
 pages = {701--710},
 numpages = {10},
 url = {http://doi.acm.org/10.1145/2623330.2623732},
 doi = {10.1145/2623330.2623732},
 acmid = {2623732},
 publisher = {ACM},
}
@inproceedings{kdd/GroverL16,
  author    = {Aditya Grover and
               Jure Leskovec},
  title     = {node2vec: Scalable Feature Learning for Networks},
  booktitle = {Proceedings of the 22nd {ACM} {SIGKDD} International Conference on
               Knowledge Discovery and Data Mining, San Francisco, CA, USA, August
               13-17, 2016},
  pages     = {855--864},
  year      = {2016}  
}
@inproceedings{nips/BordesUGWY13,
  author    = {Antoine Bordes and
               Nicolas Usunier and
               Alberto Garc{\'{\i}}a{-}Dur{\'{a}}n and
               Jason Weston and
               Oksana Yakhnenko},
  title     = {Translating Embeddings for Modeling Multi-relational Data},
  booktitle = {Advances in Neural Information Processing Systems 26: 27th Annual
               Conference on Neural Information Processing Systems 2013. Proceedings
               of a meeting held December 5-8, 2013, Lake Tahoe, Nevada, United States.},
  pages     = {2787--2795},
  year      = {2013},
}