@article{BudanitskyH06,
  author    = {Alexander Budanitsky and
               Graeme Hirst},
  title     = {Evaluating WordNet-based Measures of Lexical Semantic Relatedness},
  journal   = {Computational Linguistics},
  volume    = {32},
  number    = {1},
  pages     = {13--47},
  year      = {2006},
  url       = {https://doi.org/10.1162/coli.2006.32.1.13},
  doi       = {10.1162/coli.2006.32.1.13},
  timestamp = {Sun, 28 May 2017 13:24:51 +0200},
  biburl    = {http://dblp.org/rec/bib/journals/coling/BudanitskyH06},
  bibsource = {dblp computer science bibliography, http://dblp.org}
}

% aaai
@inproceedings{aaai/StrubeP06,
  author    = {Michael Strube and
               Simone Paolo Ponzetto},
  title     = {WikiRelate! Computing Semantic Relatedness Using Wikipedia},
  booktitle = {Proceedings, The Twenty-First National Conference on Artificial Intelligence
               and the Eighteenth Innovative Applications of Artificial Intelligence
               Conference, July 16-20, 2006, Boston, Massachusetts, {USA}},
  pages     = {1419--1424},
  year      = {2006},
  url       = {http://www.aaai.org/Library/AAAI/2006/aaai06-223.php},
  timestamp = {Sat, 18 Jul 2015 12:34:08 +0200},
  biburl    = {http://dblp.org/rec/bib/conf/aaai/StrubeP06},
  bibsource = {dblp computer science bibliography, http://dblp.org}
}
@inproceedings{aaai/ZeschMG08,
  author    = {Torsten Zesch and
               Christof M{\"{u}}ller and
               Iryna Gurevych},
  title     = {Using Wiktionary for Computing Semantic Relatedness},
  booktitle = {Proceedings of the Twenty-Third {AAAI} Conference on Artificial Intelligence,
               {AAAI} 2008, Chicago, Illinois, USA, July 13-17, 2008},
  pages     = {861--866},
  year      = {2008},
  url       = {http://www.aaai.org/Library/AAAI/2008/aaai08-137.php},
  timestamp = {Mon, 10 Dec 2012 17:36:53 +0100},
  biburl    = {http://dblp.org/rec/bib/conf/aaai/ZeschMG08},
  bibsource = {dblp computer science bibliography, http://dblp.org}
}
@inproceedings{aaai/HassanM11,
  author    = {Samer Hassan and
               Rada Mihalcea},
  title     = {Semantic Relatedness Using Salient Semantic Analysis},
  booktitle = {Proceedings of the Twenty-Fifth {AAAI} Conference on Artificial Intelligence,
               {AAAI} 2011, San Francisco, California, USA, August 7-11, 2011},
  year      = {2011},
  url       = {http://www.aaai.org/ocs/index.php/AAAI/AAAI11/paper/view/3616},
  timestamp = {Tue, 09 Aug 2011 08:42:17 +0200},
  biburl    = {http://dblp.org/rec/bib/conf/aaai/HassanM11},
  bibsource = {dblp computer science bibliography, http://dblp.org}
}
@inproceedings{aaai/Pirro12,
  author    = {Giuseppe Pirr{\`{o}}},
  title     = {REWOrD: Semantic Relatedness in the Web of Data},
  booktitle = {Proceedings of the Twenty-Sixth {AAAI} Conference on Artificial Intelligence,
               July 22-26, 2012, Toronto, Ontario, Canada.},
  year      = {2012},
  url       = {http://www.aaai.org/ocs/index.php/AAAI/AAAI12/paper/view/4923},
  timestamp = {Thu, 31 Jul 2014 11:17:14 +0200},
  biburl    = {http://dblp.org/rec/bib/conf/aaai/Pirro12},
  bibsource = {dblp computer science bibliography, http://dblp.org}
}
@inproceedings{aaai/NavigliP12,
  author    = {Roberto Navigli and
               Simone Paolo Ponzetto},
  title     = {BabelRelate! {A} Joint Multilingual Approach to Computing Semantic
               Relatedness},
  booktitle = {Proceedings of the Twenty-Sixth {AAAI} Conference on Artificial Intelligence,
               July 22-26, 2012, Toronto, Ontario, Canada.},
  year      = {2012},
  url       = {http://www.aaai.org/ocs/index.php/AAAI/AAAI12/paper/view/5112},
  timestamp = {Thu, 31 Jul 2014 11:17:14 +0200},
  biburl    = {http://dblp.org/rec/bib/conf/aaai/NavigliP12},
  bibsource = {dblp computer science bibliography, http://dblp.org}
}
@inproceedings{aaai/ZhangZH15,
  author    = {Keyang Zhang and
               Kenny Q. Zhu and
               Seung{-}won Hwang},
  title     = {An Association Network for Computing Semantic Relatedness},
  booktitle = {Proceedings of the Twenty-Ninth {AAAI} Conference on Artificial Intelligence,
               January 25-30, 2015, Austin, Texas, {USA.}},
  pages     = {593--600},
  year      = {2015},
  url       = {http://www.aaai.org/ocs/index.php/AAAI/AAAI15/paper/view/9276},
  timestamp = {Mon, 08 Jun 2015 07:37:29 +0200},
  biburl    = {http://dblp.org/rec/bib/conf/aaai/ZhangZH15},
  bibsource = {dblp computer science bibliography, http://dblp.org}
}
@inproceedings{aaai/QadirMGL15,
  author    = {Ashequl Qadir and
               Pablo N. Mendes and
               Daniel Gruhl and
               Neal Lewis},
  title     = {Semantic Lexicon Induction from Twitter with Pattern Relatedness and
               Flexible Term Length},
  booktitle = {Proceedings of the Twenty-Ninth {AAAI} Conference on Artificial Intelligence,
               January 25-30, 2015, Austin, Texas, {USA.}},
  pages     = {2432--2439},
  year      = {2015},
  url       = {http://www.aaai.org/ocs/index.php/AAAI/AAAI15/paper/view/10016},
  timestamp = {Sun, 12 Apr 2015 15:18:08 +0200},
  biburl    = {http://dblp.org/rec/bib/conf/aaai/QadirMGL15},
  bibsource = {dblp computer science bibliography, http://dblp.org}
}